@article{atkinson1976computer,
  title={The computer generation of beta, gamma and normal random variables},
  author={Atkinson, AC and Pearce, MC},
  journal={Journal of the Royal Statistical Society: Series A (General)},
  volume={139},
  number={4},
  pages={431--448},
  year={1976},
  publisher={Wiley Online Library}
}
